@misc{titandataset,
    author    = "Léa Berthomier",
    title     = "TITAN : Training Inputs \& Targets from Arome for Neural networks",
    url       = "https://huggingface.co/datasets/meteofrance/titan",
    addendum = "(accessed: 20.06.2025)",
    year      = "2025",
    keywords  = "dataset,titan"
}

@misc{mfai,
    author    = "Guibert, Frank and Tournier, Theo and Berthomier, Lea and Pradel, Bruno and Dewasmes, Oscar",
    title     = "MFAI: Météo-France's AI Python package",
    url       = "https://github.com/meteofrance/mfai",
    addendum = "(accessed: 20.06.2025)",
    year      = "2025",
    keywords  = "PyTorch, Deep Learning, Artificial Intelligence, Meteo-France"
}

@misc{py4cast,
    author    = "Météo-France and contributors",
    title     = "PY4CAST",
    url       = "https://github.com/meteofrance/py4cast",
    addendum = "(accessed: 20.06.2025)",
    year      = "2025",
    keywords  = "PyTorch, Deep Learning, Artificial Intelligence, Meteo-France"
}

@misc{meteo-net,
    author    = "Météo-France and contributors",
    title     = "MeteoNet : Data exploration toolbox",
    url       = "https://github.com/meteofrance/meteonet",
    addendum = "(accessed: 20.06.2025)",
    year      = "2020",
    keywords  = "PyTorch, Deep Learning, Artificial Intelligence, Meteo-France"
}

@misc{folktables,
    author    = "Social Foundations",
    title     = "Folktables",
    url       = "https://github.com/socialfoundations/folktables",
    addendum = "(accessed: 31.07.2025)",
    year      = "2025",
    keywords  = "Folktables, unfairness, bias"
}

@misc{mfai-experiments,
    author    = "Garcia, Luana",
    title     = "Experiments on MFAI",
    url       = "https://github.com/luana-garcia/stage-meteo-mfai",
    addendum = "(accessed: 20.08.2025)",
    year      = "2025",
    keywords  = "PyTorch, MFAI, Artificial Intelligence, Meteo-France"
}

@misc{py4cast-xai,
    author    = "Garcia, Luana",
    title     = "Anchors Regression on Py4Cast",
    url       = "https://github.com/luana-garcia/py4cast",
    addendum = "(accessed: 20.08.2025)",
    year      = "2025",
    keywords  = "PyTorch, py4cast, Anchors, Meteo-France"
}

@misc{fairness-experiments,
    author    = "Garcia, Luana",
    title     = "Fairness Analysis on Folktables",
    url       = "https://github.com/luana-garcia/stage-fairness",
    addendum = "(accessed: 20.08.2025)",
    year      = "2025",
    keywords  = "Folktables, bias, Anchors, Fairness"
}

@article{arome,
author = {Véronique Ducrocq and François Bouttier and Sylvie Malardel and Thibault Montmerle and Yann Seity and},
title = {Le projet AROME},
journal = {La Houille Blanche},
volume = {91},
number = {2},
pages = {39--43},
year = {2005},
publisher = {Taylor \& Francis},
doi = {10.1051/lhb:200502004},
URL = {https://doi.org/10.1051/lhb:200502004},
eprint = {https://doi.org/10.1051/lhb:200502004}
}

@article{arpege,
author = {Roehrig, Romain and Beau, Isabelle and Saint-Martin, David and Alias, Antoinette and Decharme, Bertrand and Guérémy, Jean-François and Voldoire, Aurore and Abdel-Lathif, Ahmat Younous and Bazile, Eric and Belamari, Sophie and Blein, Sebastien and Bouniol, Dominique and Bouteloup, Yves and Cattiaux, Julien and Chauvin, Fabrice and Chevallier, Matthieu and Colin, Jeanne and Douville, Hervé and Marquet, Pascal and Michou, Martine and Nabat, Pierre and Oudar, Thomas and Peyrillé, Philippe and Piriou, Jean-Marcel and Salas y Mélia, David and Séférian, Roland and Sénési, Stéphane},
title = {The CNRM Global Atmosphere Model ARPEGE-Climat 6.3: Description and Evaluation},
journal = {Journal of Advances in Modeling Earth Systems},
volume = {12},
number = {7},
pages = {e2020MS002075},
doi = {https://doi.org/10.1029/2020MS002075},
url = {https://agupubs.onlinelibrary.wiley.com/doi/abs/10.1029/2020MS002075},
eprint = {https://agupubs.onlinelibrary.wiley.com/doi/pdf/10.1029/2020MS002075},
note = {e2020MS002075 10.1029/2020MS002075},
year = {2020}
}

@article{anchors-ribeiro,
title={Anchors: High-Precision Model-Agnostic Explanations},
volume={32},
url={https://ojs.aaai.org/index.php/AAAI/article/view/11491},
DOI={10.1609/aaai.v32i1.11491},
number={1},
journal={Proceedings of the AAAI Conference on Artificial Intelligence},
author={Ribeiro, Marco Tulio and Singh, Sameer and Guestrin, Carlos},
year={2018},
month={Apr.}
}

@inproceedings{shap-lundberg,
author = {Lundberg, Scott M. and Lee, Su-In},
title = {A unified approach to interpreting model predictions},
year = {2017},
isbn = {9781510860964},
publisher = {Curran Associates Inc.},
address = {Red Hook, NY, USA},
booktitle = {Proceedings of the 31st International Conference on Neural Information Processing Systems},
pages = {4768–4777},
numpages = {10},
location = {Long Beach, California, USA},
series = {NIPS'17}
}

@article{varBC-francis,
author = {Francis, Devon J. and Fowler, Alison M. and Lawless, Amos S. and Eyre, John and Migliorini, Stefano},
title = {The effective use of anchor observations in variational bias correction in the presence of model bias},
journal = {Quarterly Journal of the Royal Meteorological Society},
volume = {149},
number = {754},
pages = {1789-1809},
keywords = {anchor observations, bias correction, data assimilation, model bias, unbiased observations, VarBC},
doi = {https://doi.org/10.1002/qj.4482},
url = {https://rmets.onlinelibrary.wiley.com/doi/abs/10.1002/qj.4482},
eprint = {https://rmets.onlinelibrary.wiley.com/doi/pdf/10.1002/qj.4482},
year = {2023}
}

@article{weather-forecasting-bi,
author={Bi, Kaifeng
and Xie, Lingxi
and Zhang, Hengheng
and Chen, Xin
and Gu, Xiaotao
and Tian, Qi},
title={Accurate medium-range global weather forecasting with 3D neural networks},
journal={Nature},
year={2023},
month={Jul},
day={01},
volume={619},
number={7970},
pages={533-538},
issn={1476-4687},
doi={10.1038/s41586-023-06185-3},
url={https://doi.org/10.1038/s41586-023-06185-3}
}

@article{graph-cast-remi,
author = {Lam, Remi and Sanchez-Gonzalez, Alvaro and Willson, Matthew and Wirnsberger, Peter and Fortunato, Meire and Alet, Ferran and Ravuri, Suman and Ewalds, Timo and Eaton-Rosen, Zach and Hu, Weihua and Merose, Alexander and Hoyer, Stephan and Holland, George and Vinyals, Oriol and Stott, Jacklynn and Pritzel, Alexander and Mohamed, Shakir and Battaglia, Peter},
year = {2023},
month = {11},
pages = {eadi2336},
title = {Learning skillful medium-range global weather forecasting},
volume = {382},
journal = {Science (New York, N.Y.)},
doi = {10.1126/science.adi2336}
}

@misc{graph-neural-weather-oskarsson,
      title={Graph-based Neural Weather Prediction for Limited Area Modeling}, 
      author={Joel Oskarsson and Tomas Landelius and Fredrik Lindsten},
      year={2023},
      eprint={2309.17370},
      archivePrefix={arXiv},
      primaryClass={cs.LG},
      url={https://arxiv.org/abs/2309.17370}, 
}

@article { guide-xai-bommer,
      author = "Philine Lou Bommer and Marlene Kretschmer and Anna Hedström and Dilyara Bareeva and Marina M.-C. Höhne",
      title = "Finding the Right XAI Method—A Guide for the Evaluation and Ranking of Explainable AI Methods in Climate Science",
      journal = "Artificial Intelligence for the Earth Systems",
      year = "2024",
      publisher = "American Meteorological Society",
      address = "Boston MA, USA",
      volume = "3",
      number = "3",
      doi = "10.1175/AIES-D-23-0074.1",
      pages=      "e230074",
      url = "https://journals.ametsoc.org/view/journals/aies/3/3/AIES-D-23-0074.1.xml"
}

@article {gan-arome-brochet,
      author = "Clément Brochet and Laure Raynaud and Nicolas Thome and Matthieu Plu and Clément Rambour",
      title = "Multivariate Emulation of Kilometer-Scale Numerical Weather Predictions with Generative Adversarial Networks: A Proof of Concept",
      journal = "Artificial Intelligence for the Earth Systems",
      year = "2023",
      publisher = "American Meteorological Society",
      address = "Boston MA, USA",
      volume = "2",
      number = "4",
      doi = "10.1175/AIES-D-23-0006.1",
      pages=      "230006",
      url = "https://journals.ametsoc.org/view/journals/aies/2/4/AIES-D-23-0006.1.xml"
}

@article {arome-tc-unet-raynaud,
      author = "L. Raynaud and G. Faure and M. Puig and C. Dauvilliers and J.-N. Trosino and P. Béjean",
      title = "A Convolutional Neural Network for Tropical Cyclone Wind Structure Identification in Kilometer-Scale Forecasts",
      journal = "Artificial Intelligence for the Earth Systems",
      year = "2024",
      publisher = "American Meteorological Society",
      address = "Boston MA, USA",
      volume = "3",
      number = "2",
      doi = "10.1175/AIES-D-23-0059.1",
      pages=      "e230059",
      url = "https://journals.ametsoc.org/view/journals/aies/3/2/AIES-D-23-0059.1.xml"
}

@article{unetrpp,
author = {Shaker, Abdelrahman and Maaz, Muhammad and Abdul Rasheed, Hanoona and Khan, Salman and Yang, Ming-Hsuan and Khan, Fahad},
year = {2024},
month = {05},
pages = {1-1},
title = {UNETR++: Delving into Efficient and Accurate 3D Medical Image Segmentation},
volume = {PP},
journal = {IEEE Transactions on Medical Imaging},
doi = {10.1109/TMI.2024.3398728}
}

@inproceedings{folktables-ding,
author = {Ding, Frances and Hardt, Moritz and Miller, John and Schmidt, Ludwig},
title = {Retiring adult: new datasets for fair machine learning},
year = {2021},
isbn = {9781713845393},
publisher = {Curran Associates Inc.},
address = {Red Hook, NY, USA},
booktitle = {Proceedings of the 35th International Conference on Neural Information Processing Systems},
articleno = {496},
numpages = {13},
series = {NIPS '21}
}

@unpublished{di-besse,
  TITLE = {{L'IA du Quotidien peut elle {\^e}tre {\'E}thique ?}},
  AUTHOR = {Besse, Philippe and Castets-Renard, C{\'e}line and Garivier, Aur{\'e}lien and Loubes, Jean-Michel},
  URL = {https://hal.science/hal-01886699},
  NOTE = {working paper or preprint},
  YEAR = {2018},
  MONTH = Oct,
  KEYWORDS = {ethics ; machine learning ; discrimination impact assessment ; right to explanation ; quality of an automatic decision ; Artificial intelligence ; Intelligence artificielle ; {\'e}thique ; apprentissage automatique ; discrimination ; droit {\`a} l'explication ; qualit{\'e} d'une d{\'e}cision automatique},
  PDF = {https://hal.science/hal-01886699v2/file/IAethiqueStatSociete-V4.pdf},
  HAL_ID = {hal-01886699},
  HAL_VERSION = {v2},
}

@article{pca-mackiewicz,
title = {Principal components analysis (PCA)},
journal = {Computers \& Geosciences},
volume = {19},
number = {3},
pages = {303-342},
year = {1993},
issn = {0098-3004},
doi = {https://doi.org/10.1016/0098-3004(93)90090-R},
url = {https://www.sciencedirect.com/science/article/pii/009830049390090R},
author = {Andrzej Maćkiewicz and Waldemar Ratajczak},
keywords = {Principal Components Analysis, Variance-covariance matrix, Coefficients of determination, Eigenvalues, Eigenvectors, Correlation matrix, Bartlett's statistics, FORTRAN 77}
}

@inproceedings{kmeans-pca-ding,
author = {Ding, Chris and He, Xiaofeng},
title = {K-means clustering via principal component analysis},
year = {2004},
isbn = {1581138385},
publisher = {Association for Computing Machinery},
address = {New York, NY, USA},
url = {https://doi.org/10.1145/1015330.1015408},
doi = {10.1145/1015330.1015408},
booktitle = {Proceedings of the Twenty-First International Conference on Machine Learning},
pages = {29},
location = {Banff, Alberta, Canada},
series = {ICML '04}
}

@inproceedings{anchors-sea-of-words-lopardo,
  TITLE = {{A Sea of Words: An In-Depth Analysis of Anchors for Text Data}},
  AUTHOR = {Lopardo, Gianluigi and Precioso, Fr{\'e}d{\'e}ric and Garreau, Damien},
  URL = {https://hal.science/hal-03696324},
  NOTE = {10+2 page paper, 15-page appendix},
  BOOKTITLE = {{International Conference on Artificial Intelligence and Statistics (AISTATS) 2023}},
  ADDRESS = {Valencia, Spain},
  YEAR = {2023},
  MONTH = Apr,
  HAL_ID = {hal-03696324},
  HAL_VERSION = {v1},
}

@article{smooth-grad-smilkov,
author = {Smilkov, Daniel and Thorat, Nikhil and Kim, Been and Viégas, Fernanda and Wattenberg, Martin},
year = {2017},
month = {06},
pages = {},
title = {SmoothGrad: removing noise by adding noise},
doi = {10.48550/arXiv.1706.03825}
}

@inproceedings{integrated-grad-sundararajan,
author = {Sundararajan, Mukund and Taly, Ankur and Yan, Qiqi},
title = {Axiomatic attribution for deep networks},
year = {2017},
publisher = {JMLR.org},
booktitle = {Proceedings of the 34th International Conference on Machine Learning - Volume 70},
pages = {3319–3328},
numpages = {10},
location = {Sydney, NSW, Australia},
series = {ICML'17}
}